
@ARTICLE{Millard2019-hv,
  title    = "{IsoCor}: isotope correction for high-resolution {MS} labeling
              experiments",
  author   = "Millard, Pierre and Del{\'e}pine, Baudoin and Guionnet, Matthieu
              and Heuillet, Maud and Bellvert, Floriant and L{\'e}tisse, Fabien",
  journal  = "Bioinformatics",
  volume   =  35,
  number   =  21,
  pages    = "4484--4487",
  month    =  nov,
  year     =  2019,
  language = "en"
}


@ARTICLE{Hart2023-gp,
  title    = "Mitochondrial redox adaptations enable alternative aspartate
              synthesis in {SDH-deficient} cells",
  author   = "Hart, Madeleine L and Quon, Evan and Vigil, Anna-Lena B G and
              Engstrom, Ian A and Newsom, Oliver J and Davidsen, Kristian and
              Hoellerbauer, Pia and Carlisle, Samantha M and Sullivan, Lucas B",
  journal  = "Elife",
  volume   =  12,
  month    =  mar,
  year     =  2023,
  language = "en"
}

@ARTICLE{Ho1987-ug,
  title    = "In vivo aminoacylation of human and Xenopus suppressor {tRNAs}
              constructed by site-specific mutagenesis",
  author   = "Ho, Y S and Kan, Y W",
  journal  = "Proc. Natl. Acad. Sci. U. S. A.",
  volume   =  84,
  number   =  8,
  pages    = "2185--2188",
  month    =  apr,
  year     =  1987,
  language = "en"
}

@ARTICLE{Stenum2017-wn,
  title    = "Quantification of the Abundance and Charging Levels of Transfer
              {RNAs} in Escherichia coli",
  author   = "Stenum, Thomas S{\o}ndergaard and S{\o}rensen, Michael A and
              Svenningsen, Sine Lo",
  journal  = "J. Vis. Exp.",
  number   =  126,
  volume   =  1,
  month    =  aug,
  year     =  2017,
  language = "en"
}

@ARTICLE{Wang2021-fc,
  title    = "Accurate characterization of Escherichia coli {tRNA}
              modifications with a simple method of deep-sequencing library
              preparation",
  author   = "Wang, Ji and Toffano-Nioche, Claire and Lorieux, Florence and
              Gautheret, Daniel and Lehmann, Jean",
  journal  = "RNA Biol.",
  volume   =  18,
  number   =  1,
  pages    = "33--46",
  month    =  jan,
  year     =  2021,
  language = "en"
}

@ARTICLE{Prossliner2023-uo,
  title    = "{tRNAs} Are Stable After All: Pitfalls in Quantification of
              {tRNA} from Starved Escherichia coli Cultures Exposed by
              Validation of {RNA} Purification Methods",
  author   = "Prossliner, Thomas and Agrawal, Shreya and Heidemann, Ditte F and
              S{\o}rensen, Michael A and Svenningsen, Sine L",
  journal  = "MBio",
  pages    = "e0280522",
  month    =  jan,
  year     =  2023,
  language = "en"
}

@ARTICLE{Hernandez-Alias2022-ch,
  title    = "Single-read {tRNA-seq} analysis reveals coordination of {tRNA}
              modification and aminoacylation and fragmentation",
  author   = "Hernandez-Alias, Xavier and Katanski, Christopher D and Zhang,
              Wen and Assari, Mahdi and Watkins, Christopher P and Schaefer,
              Martin H and Serrano, Luis and Pan, Tao",
  journal  = "Nucleic Acids Res.",
  month    =  dec,
  year     =  2022,
  language = "en"
}

@ARTICLE{Gogakos2017-ei,
  title    = "Characterizing Expression and Processing of Precursor and Mature
              Human {tRNAs} by {Hydro-tRNAseq} and {PAR-CLIP}",
  author   = "Gogakos, Tasos and Brown, Miguel and Garzia, Aitor and Meyer,
              Cindy and Hafner, Markus and Tuschl, Thomas",
  journal  = "Cell Rep.",
  volume   =  20,
  number   =  6,
  pages    = "1463--1475",
  month    =  aug,
  year     =  2017,
  language = "en"
}

@ARTICLE{Rognes2011-iu,
  title    = "Faster {Smith-Waterman} database searches with inter-sequence
              {SIMD} parallelisation",
  author   = "Rognes, Torbj{\o}rn",
  journal  = "BMC Bioinformatics",
  volume   =  12,
  pages    = "221",
  month    =  jun,
  year     =  2011,
  language = "en"
}

@ARTICLE{Zhao2013-jh,
  title    = "{SSW} library: an {SIMD} {Smith-Waterman} {C/C++} library for use
              in genomic applications",
  author   = "Zhao, Mengyao and Lee, Wan-Ping and Garrison, Erik P and Marth,
              Gabor T",
  journal  = "PLoS One",
  volume   =  8,
  number   =  12,
  pages    = "e82138",
  month    =  dec,
  year     =  2013,
  language = "en"
}

@ARTICLE{Yamagami2022-yb,
  title    = "Application of mutational profiling: New functional analyses
              reveal the {tRNA} recognition mechanism of {tRNA} m1A22
              methyltransferase",
  author   = "Yamagami, Ryota and Hori, Hiroyuki",
  journal  = "J. Biol. Chem.",
  volume   =  299,
  number   =  1,
  pages    = "102759",
  month    =  dec,
  year     =  2022,
  language = "en"
}

@ARTICLE{Rammler_undated-zv,
  title  = "Periodate Oxidations of Enamines. I. Oxidation of Adenosine
            5'-Monophosphate in the Presence of Methylamine''",
  author = "Rammler, D H"
}

@ARTICLE{D_E_Schwartz_undated-ly,
  title   = "The Sequence Analysis of Polyribonucleotides by Stepwise Chemical
             Degradation. A Method for the Introduction of Radioactive Label
             into Nucleoside Fragments after Cleavage",
  author  = "D. E. Schwartz, P T Gilham",
  journal = "Journal of the American Chemical Society"
}

@ARTICLE{Ermolinsky_undated-zl,
  title   = "Periodate Oxidation in Chemistry of Nucleic Acids: Dialdehyde
             Derivatives of Nucleosides, Nucleotides, and Oligonucleotides
             (Review)",
  author  = "Ermolinsky, B S and Mikhailov, S N",
  journal = "Translated from Bioorganicheskaya Khimiya"
}

@ARTICLE{Uziel1975-ja,
  title    = "Amine-catalyzed elimination of beta-phosphoric esters from
              aldehydes derived from ribonucleic acid and model substrates",
  author   = "Uziel, M",
  journal  = "Arch. Biochem. Biophys.",
  volume   =  166,
  number   =  1,
  pages    = "201--212",
  month    =  jan,
  year     =  1975,
  language = "en"
}

@ARTICLE{Uziel_undated-ag,
  title   = "Periodate Oxidation and {Amine-Catalyzed} Elimination Terminal
             Nucleoside from Adenylate or Ribonucleic Products of
             Overoxidationt",
  author  = "Uziel, Mayo",
  journal = "Roychoudhury, R."
}

@ARTICLE{Kam1990-tk,
  title    = "Oxidation and cleavage of 3-aminopyridine adenine dinucleotide
              phosphate with periodate",
  author   = "Kam, P L and Huang, T M and Shiao, M S and Lin, L J and Chang, G
              G",
  journal  = "J. Biochem. Biophys. Methods",
  volume   =  21,
  number   =  2,
  pages    = "115--127",
  year     =  1990,
  language = "en"
}

@ARTICLE{Wong1975-fd,
  title    = "Specific conversion of s4 {U} to {U} in Escherichia coli {tRNA}
              by iodate oxidation",
  author   = "Wong, K L and Kearns, D R",
  journal  = "Biochim. Biophys. Acta",
  volume   =  395,
  number   =  3,
  pages    = "381--387",
  month    =  jul,
  year     =  1975,
  language = "en"
}

@MISC{FrancisSchuberMoniquePinck_undated-dq,
  title  = "On the chemical reactivity of {aminacyl-tRNA} ester bond: {III}.
            Influence of ionic strength, spermidine and methanol on the rate of
            hydrolysis",
  author = "{FrancisSchuberMoniquePinck}"
}

@ARTICLE{Khym1963-le,
  title    = "The reaction of methylamine with periodate-oxidized adenosine
              5'-phosphate",
  author   = "Khym, J X",
  journal  = "Biochemistry",
  volume   =  2,
  pages    = "344--350",
  year     =  1963,
  language = "en"
}

@ARTICLE{Hiremath_undated-gi,
  title  = "{Osmium(VIII}) Catalysed Oxidation of Thiocyanate by Periodate in
            Aqueous Alkaline Medium",
  author = "Hiremath, Gouri A and Halligudi, Nirmala N and Nandibewoor,
            Sharanappa T"
}

@ARTICLE{Varshney1991-zp,
  title    = "Direct analysis of aminoacylation levels of {tRNAs} in vivo.
              Application to studying recognition of Escherichia coli initiator
              {tRNA} mutants by {glutaminyl-tRNA} synthetase",
  author   = "Varshney, U and Lee, C P and RajBhandary, U L",
  journal  = "J. Biol. Chem.",
  volume   =  266,
  number   =  36,
  pages    = "24712--24718",
  month    =  dec,
  year     =  1991,
  language = "en"
}

@ARTICLE{Pinkard2020-yd,
  title    = "Quantitative {tRNA-sequencing} uncovers metazoan tissue-specific
              {tRNA} regulation",
  author   = "Pinkard, Otis and McFarland, Sean and Sweet, Thomas and Coller,
              Jeff",
  journal  = "Nat. Commun.",
  volume   =  11,
  number   =  1,
  pages    = "4104",
  month    =  aug,
  year     =  2020,
  language = "en"
}

@ARTICLE{Wende2015-rm,
  title    = "The identity of the discriminator base has an impact on {CCA}
              addition",
  author   = "Wende, Sandra and Bonin, Sonja and G{\"o}tze, Oskar and Betat,
              Heike and M{\"o}rl, Mario",
  journal  = "Nucleic Acids Res.",
  volume   =  43,
  number   =  11,
  pages    = "5617--5629",
  month    =  jun,
  year     =  2015,
  language = "en"
}

@ARTICLE{Shigematsu2017-tv,
  title    = "{YAMAT-seq}: an efficient method for high-throughput sequencing
              of mature transfer {RNAs}",
  author   = "Shigematsu, Megumi and Honda, Shozo and Loher, Phillipe and
              Telonis, Aristeidis G and Rigoutsos, Isidore and Kirino, Yohei",
  journal  = "Nucleic Acids Res.",
  volume   =  45,
  number   =  9,
  pages    = "e70",
  month    =  may,
  year     =  2017,
  language = "en"
}

@ARTICLE{noauthor_undated-mt,
  title = "The development of {ALICE-tRNA-sequencing} and its use in exploring
           the role of {tRNAs} in translational control"
}

@ARTICLE{Fuchs2015-nb,
  title    = "Bias in ligation-based small {RNA} sequencing library
              construction is determined by adaptor and {RNA} structure",
  author   = "Fuchs, Ryan T and Sun, Zhiyi and Zhuang, Fanglei and Robb, G
              Brett",
  journal  = "PLoS One",
  volume   =  10,
  number   =  5,
  pages    = "e0126049",
  month    =  may,
  year     =  2015,
  language = "en"
}

@ARTICLE{Munafo2010-js,
  title    = "Optimization of enzymatic reaction conditions for generating
              representative pools of {cDNA} from small {RNA}",
  author   = "Munaf{\'o}, Daniela B and Robb, G Brett",
  journal  = "RNA",
  volume   =  16,
  number   =  12,
  pages    = "2537--2552",
  month    =  dec,
  year     =  2010,
  language = "en"
}

@ARTICLE{Warren2021-wt,
  title    = "Combining {tRNA} sequencing methods to characterize plant {tRNA}
              expression and post-transcriptional modification",
  author   = "Warren, Jessica M and Salinas-Gieg{\'e}, Thalia and Hummel,
              Guillaume and Coots, Nicole L and Svendsen, Joshua M and Brown,
              Kristen C and Drouard, Laurence and Sloan, Daniel B",
  journal  = "RNA Biol.",
  volume   =  18,
  number   =  1,
  pages    = "64--78",
  month    =  jan,
  year     =  2021,
  language = "en"
}

@ARTICLE{Lama2019-fn,
  title    = "Small {RNA-seq}: The {RNA} 5'-end adapter ligation problem and
              how to circumvent it",
  author   = "Lama, Lodoe and Cobo, Jose and Buenaventura, Diego and Ryan,
              Kevin",
  journal  = "J Biol Methods",
  volume   =  6,
  number   =  1,
  month    =  feb,
  year     =  2019,
  language = "en"
}

@ARTICLE{Musier-Forsyth1997-ba,
  title    = "Understanding species-specific differences in substrate
              recognition by Escherichia coli and human {prolyl-tRNA}
              synthetases",
  author   = "Musier-Forsyth, K and Stehlin, C and Burke, B and Liu, H",
  journal  = "Nucleic Acids Symp. Ser.",
  number   =  36,
  pages    = "5--7",
  year     =  1997,
  language = "en"
}

@ARTICLE{Lipman1998-di,
  title    = "Aminoacylation of {tRNA} in the evolution of an {aminoacyl-tRNA}
              synthetase",
  author   = "Lipman, R S and Hou, Y M",
  journal  = "Proc. Natl. Acad. Sci. U. S. A.",
  volume   =  95,
  number   =  23,
  pages    = "13495--13500",
  month    =  nov,
  year     =  1998,
  language = "en"
}

@ARTICLE{Shimizu2001-sz,
  title    = "Cell-free translation reconstituted with purified components",
  author   = "Shimizu, Y and Inoue, A and Tomari, Y and Suzuki, T and Yokogawa,
              T and Nishikawa, K and Ueda, T",
  journal  = "Nat. Biotechnol.",
  volume   =  19,
  number   =  8,
  pages    = "751--755",
  month    =  aug,
  year     =  2001,
  language = "en"
}

@ARTICLE{Jackson2014-fk,
  title    = "Evaluating bias-reducing protocols for {RNA} sequencing library
              preparation",
  author   = "Jackson, Thomas J and Spriggs, Ruth V and Burgoyne, Nicholas J
              and Jones, Carolyn and Willis, Anne E",
  journal  = "BMC Genomics",
  volume   =  15,
  pages    = "569",
  month    =  jul,
  year     =  2014,
  language = "en"
}

@ARTICLE{Romer1975-jo,
  title     = "{TRNA} conformation and magnesium binding. A study of yeast
               phenylalanine-specific {tRNA} by a fluorescent indicator and
               differential melting curves",
  author    = "Romer, Roland and Hach, Renate",
  journal   = "Eur. J. Biochem.",
  publisher = "Wiley",
  volume    =  55,
  number    =  1,
  pages     = "271--284",
  month     =  jun,
  year      =  1975,
  language  = "en"
}

@ARTICLE{PRr_VALOV_t1975-yw,
  title   = "A Calorimetric Investigation of {tRNA} {TM} Melting",
  author  = "PRr VALOV t, P and Fu. ~o~ov, V V",
  journal = "J. Mol. Biol.",
  volume  =  97,
  pages   = "279--288",
  year    =  1975
}

@ARTICLE{Zhelkovsky2012-po,
  title    = "Structure-function analysis of Methanobacterium
              thermoautotrophicum {RNA} ligase - engineering a thermostable
              {ATP} independent enzyme",
  author   = "Zhelkovsky, Alexander M and McReynolds, Larry A",
  journal  = "BMC Mol. Biol.",
  volume   =  13,
  pages    = "24",
  month    =  jul,
  year     =  2012,
  language = "en"
}

@ARTICLE{Yusuke_Tsukamoto_Yumi_Nakamura_Makoto_Hirata_Ryuichi_Sakate_Tomonori_Kimura_undated-ei,
  title  = "{i-tRAP} (individual {tRNA} acylation {PCR)}: A convenient method
            for selective quantification of {tRNA} charging",
  author = "{Yusuke Tsukamoto, Yumi Nakamura, Makoto Hirata, Ryuichi Sakate,
            Tomonori Kimura}"
}

@ARTICLE{Antonsson1982-nb,
  title    = "Stabilization of the ternary complex {EF-Tu.GTP.valyl-tRNAval} by
              ammonium salts",
  author   = "Antonsson, B and Leberman, R",
  journal  = "Biochimie",
  volume   =  64,
  number   = "11-12",
  pages    = "1035--1040",
  month    =  nov,
  year     =  1982,
  language = "en"
}

@ARTICLE{Thompson2002-qo,
  title    = "Heteroduplexes in mixed-template amplifications: formation,
              consequence and elimination by 'reconditioning {PCR'}",
  author   = "Thompson, Janelle R and Marcelino, Luisa A and Polz, Martin F",
  journal  = "Nucleic Acids Res.",
  volume   =  30,
  number   =  9,
  pages    = "2083--2088",
  month    =  may,
  year     =  2002,
  language = "en"
}

@MISC{Granholm_undated-fh,
  title        = "{DESORPTION} {OF} {METAL} {IONS} {FROM} {KRAFT} {PULPS}.
                  {PART} 1. {CHELATION} {OF} {HARDWOOD} {AND} {SOFTWOOD}
                  {KRAFT} {PULP} {WITH} {EDTA}",
  author       = "Granholm, Kim and Harju, Leo and Ivaska, Ari",
  note         = "Accessed: 2022-10-28"
}

@ARTICLE{Sugiura2020-xk,
  title    = "Oxidative Formation of Methylglyoxal in Glycerol Preparations
              during Storage",
  author   = "Sugiura, Ko and Koike, Shin and Suzuki, Toshihiro and Ogasawara,
              Yuki",
  journal  = "Biol. Pharm. Bull.",
  volume   =  43,
  number   =  5,
  pages    = "879--883",
  year     =  2020,
  language = "en"
}

@ARTICLE{Saraiva2006-gw,
  title    = "Reactions of a modified lysine with aldehydic and diketonic
              dicarbonyl compounds: an electrospray mass spectrometry
              structure/activity study",
  author   = "Saraiva, Marco A and Borges, Carlos M and Flor{\^e}ncio, M Helena",
  journal  = "J. Mass Spectrom.",
  volume   =  41,
  number   =  2,
  pages    = "216--228",
  month    =  feb,
  year     =  2006,
  language = "en"
}

@ARTICLE{Ajandouz1999-ng,
  title    = "Nonenzymatic browning reaction of essential amino acids: effect
              of pH on caramelization and Maillard reaction kinetics",
  author   = "Ajandouz, E H and Puigserver, A",
  journal  = "J. Agric. Food Chem.",
  volume   =  47,
  number   =  5,
  pages    = "1786--1793",
  month    =  may,
  year     =  1999,
  language = "en"
}

@ARTICLE{Zhang2021-lj,
  title    = "Duplex Structure of {Double-Stranded} {RNA} Provides Stability
              against Hydrolysis Relative to {Single-Stranded} {RNA}",
  author   = "Zhang, Ke and Hodge, Joseph and Chatterjee, Anamika and Moon, Tae
              Seok and Parker, Kimberly M",
  journal  = "Environ. Sci. Technol.",
  volume   =  55,
  number   =  12,
  pages    = "8045--8053",
  month    =  jun,
  year     =  2021,
  language = "en"
}

@ARTICLE{Quail2008-lg,
  title    = "A large genome center's improvements to the Illumina sequencing
              system",
  author   = "Quail, Michael A and Kozarewa, Iwanka and Smith, Frances and
              Scally, Aylwyn and Stephens, Philip J and Durbin, Richard and
              Swerdlow, Harold and Turner, Daniel J",
  journal  = "Nat. Methods",
  volume   =  5,
  number   =  12,
  pages    = "1005--1010",
  month    =  dec,
  year     =  2008,
  language = "en"
}

@ARTICLE{Jayaprakash2011-ab,
  title    = "Identification and remediation of biases in the activity of {RNA}
              ligases in {small-RNA} deep sequencing",
  author   = "Jayaprakash, Anitha D and Jabado, Omar and Brown, Brian D and
              Sachidanandam, Ravi",
  journal  = "Nucleic Acids Res.",
  volume   =  39,
  number   =  21,
  pages    = "e141",
  month    =  nov,
  year     =  2011,
  language = "en"
}

@ARTICLE{Zhuang2012-nu,
  title    = "Structural bias in {T4} {RNA} ligase-mediated 3'-adapter ligation",
  author   = "Zhuang, Fanglei and Fuchs, Ryan T and Sun, Zhiyi and Zheng, Yu
              and Robb, G Brett",
  journal  = "Nucleic Acids Res.",
  volume   =  40,
  number   =  7,
  pages    = "e54",
  month    =  apr,
  year     =  2012,
  language = "en"
}

@ARTICLE{Janssen2012-pe,
  title    = "Analysis of aminoacyl- and {peptidyl-tRNAs} by gel
              electrophoresis",
  author   = "Janssen, Brian D and Diner, Elie J and Hayes, Christopher S",
  journal  = "Methods Mol. Biol.",
  volume   =  905,
  pages    = "291--309",
  year     =  2012,
  language = "en"
}

@ARTICLE{Zaborske2009-ic,
  title    = "Genome-wide analysis of {tRNA} charging and activation of the
              {eIF2} kinase Gcn2p",
  author   = "Zaborske, John M and Narasimhan, Jana and Jiang, Li and Wek,
              Sheree A and Dittmar, Kimberly A and Freimoser, Florien and Pan,
              Tao and Wek, Ronald C",
  journal  = "J. Biol. Chem.",
  volume   =  284,
  number   =  37,
  pages    = "25254--25267",
  month    =  sep,
  year     =  2009,
  language = "en"
}

@ARTICLE{Watkins2022-er,
  title    = "A multiplex platform for small {RNA} sequencing elucidates
              multifaceted {tRNA} stress response and translational regulation",
  author   = "Watkins, Christopher P and Zhang, Wen and Wylder, Adam C and
              Katanski, Christopher D and Pan, Tao",
  journal  = "Nat. Commun.",
  volume   =  13,
  number   =  1,
  pages    = "2491",
  month    =  may,
  year     =  2022,
  language = "en"
}

@ARTICLE{Fales1959-ig,
  title     = "Reproducible Periodate Oxidation Method for Determination of
               Glycogen {End-Groups}",
  author    = "Fales, F W",
  journal   = "Anal. Chem.",
  publisher = "American Chemical Society",
  volume    =  31,
  number    =  11,
  pages     = "1898--1900",
  month     =  nov,
  year      =  1959
}

@ARTICLE{Bertoldo2013-yk,
  title     = "Oxidation of glycogen ``molecular nanoparticles'' by periodate",
  author    = "Bertoldo, Monica and Zampano, Giovanni and Suffner, Lena and
               Liberati, Elisa and Ciardelli, Francesco",
  journal   = "Polym. Chem.",
  publisher = "The Royal Society of Chemistry",
  volume    =  4,
  number    =  3,
  pages     = "653--661",
  month     =  jan,
  year      =  2013,
  language  = "en"
}

@ARTICLE{Van_Dijk2014-dw,
  title    = "Library preparation methods for next-generation sequencing: tone
              down the bias",
  author   = "van Dijk, Erwin L and Jaszczyszyn, Yan and Thermes, Claude",
  journal  = "Exp. Cell Res.",
  volume   =  322,
  number   =  1,
  pages    = "12--20",
  month    =  mar,
  year     =  2014,
  language = "en"
}

@ARTICLE{Behrens2022-ov,
  title    = "Experimental and computational workflow for the analysis of
              {tRNA} pools from eukaryotic cells by {mim-tRNAseq}",
  author   = "Behrens, Andrew and Nedialkova, Danny D",
  journal  = "STAR Protoc",
  volume   =  3,
  number   =  3,
  pages    = "101579",
  month    =  sep,
  year     =  2022,
  language = "en"
}

@ARTICLE{Shi2002-vx,
  title    = "{DNA} extraction from archival formalin-fixed, paraffin-embedded
              tissue sections based on the antigen retrieval principle: heating
              under the influence of pH",
  author   = "Shi, Shan-Rong and Cote, Richard J and Wu, Lin and Liu, Cheng and
              Datar, Ram and Shi, Yan and Liu, Dongxin and Lim, Hyoeun and
              Taylor, Clive R",
  journal  = "J. Histochem. Cytochem.",
  volume   =  50,
  number   =  8,
  pages    = "1005--1011",
  month    =  aug,
  year     =  2002,
  language = "en"
}

@ARTICLE{Ohtsuki1996-mp,
  title    = "Preparation of biologically active Ascaris suum mitochondrial
              {tRNAMet} with a {TV-replacement} loop by ligation of chemically
              synthesized {RNA} fragments",
  author   = "Ohtsuki, T and Kawai, G and Watanabe, Y and Kita, K and
              Nishikawa, K and Watanabe, K",
  journal  = "Nucleic Acids Res.",
  volume   =  24,
  number   =  4,
  pages    = "662--667",
  month    =  feb,
  year     =  1996,
  language = "en"
}

@MISC{Whitfeld_Roy_Markham1953-bo,
  title  = "Natural Configuration of the Purine Nucleotides in Ribonucleic
            Acids: Chemical Hydrolysis of the Dinucleoside Phosphates",
  author = "Whitfeld \& Roy Markham, P",
  year   =  1953
}

@ARTICLE{Dittmar2004-si,
  title    = "Exploring the regulation of {tRNA} distribution on the genomic
              scale",
  author   = "Dittmar, Kimberly A and Mobley, Evelyn M and Radek, Agnes Jancso
              and Pan, Tao",
  journal  = "J. Mol. Biol.",
  volume   =  337,
  number   =  1,
  pages    = "31--47",
  month    =  mar,
  year     =  2004,
  language = "en"
}

@MISC{Khym_and_Mayo_Uziel1968-ud,
  title  = "The Use of the Cetyltrimethylammonium Cation in Terminal Sequence
            Analyses of Ribonucleic Acids",
  author = "Khym and Mayo Uziel, J",
  year   =  1968
}

@INCOLLECTION{Schmidt1968-eb,
  title     = "[116a] Periodate oxidation of ribonucleic acids and their
               derivatives",
  booktitle = "Methods in Enzymology",
  author    = "Schmidt, Gerhard",
  publisher = "Academic Press",
  volume    =  12,
  pages     = "230--235",
  month     =  jan,
  year      =  1968
}

@ARTICLE{Neu1964-hu,
  title    = "{NUCLEOTIDE} {SEQUENCE} {ANALYSIS} {OF} {POLYRIBONUCLEOTIDES}
              {BY} {MEANS} {OF} {PERIODATE} {OXIDATION} {FOLLOWED} {BY}
              {CLEAVAGE} {WITH} {AN} {AMINE}",
  author   = "Neu, H C and Heppel, L A",
  journal  = "J. Biol. Chem.",
  volume   =  239,
  pages    = "2927--2934",
  month    =  sep,
  year     =  1964,
  language = "en"
}

@ARTICLE{Whitfeld1954-wl,
  title    = "A method for the determination of nucleotide sequence in
              polyribonucleotides",
  author   = "Whitfeld, P R",
  journal  = "Biochem. J",
  volume   =  58,
  number   =  3,
  pages    = "390--396",
  month    =  nov,
  year     =  1954,
  language = "en"
}

@ARTICLE{Khym1961-xf,
  title    = "Amine-induced cleavage of periodate-oxidized nucleotide residues",
  author   = "Khym, J X and Cohn, W E",
  journal  = "J. Biol. Chem.",
  volume   =  236,
  pages    = "PC9--10",
  month    =  mar,
  year     =  1961,
  language = "en"
}

@ARTICLE{David2012-vw,
  title    = "{Cysteinyl-tRNA} deacylation can be uncoupled from protein
              synthesis",
  author   = "David, Alexandre and Das, Suman R and Gibbs, James S and Bennink,
              Jack R and Yewdell, Jonathan W",
  journal  = "PLoS One",
  volume   =  7,
  number   =  3,
  pages    = "e33072",
  month    =  mar,
  year     =  2012,
  language = "en"
}

@ARTICLE{Hoffman2015-tw,
  title    = "Formaldehyde crosslinking: a tool for the study of chromatin
              complexes",
  author   = "Hoffman, Elizabeth A and Frey, Brian L and Smith, Lloyd M and
              Auble, David T",
  journal  = "J. Biol. Chem.",
  volume   =  290,
  number   =  44,
  pages    = "26404--26411",
  month    =  oct,
  year     =  2015,
  language = "en"
}

@ARTICLE{Kawashima2014-fi,
  title    = "Efficient extraction of proteins from formalin-fixed
              paraffin-embedded tissues requires higher concentration of
              tris(hydroxymethyl)aminomethane",
  author   = "Kawashima, Yusuke and Kodera, Yoshio and Singh, Anil and
              Matsumoto, Masaomi and Matsumoto, Hiroyuki",
  journal  = "Clin. Proteomics",
  volume   =  11,
  number   =  1,
  pages    = "4",
  month    =  feb,
  year     =  2014,
  language = "en"
}

@ARTICLE{Dyer1956-zh,
  title    = "Use of periodate oxidations in biochemical analysis",
  author   = "Dyer, J R",
  journal  = "Methods Biochem. Anal.",
  volume   =  3,
  pages    = "111--152",
  year     =  1956,
  language = "en"
}

@ARTICLE{Erskine1953-cr,
  title     = "A simple volumetric method for the routine determination of
               glycerol",
  author    = "Erskine, J W B and Strouts, C R N and Walley, G and Lazarus, W",
  journal   = "Analyst",
  publisher = "The Royal Society of Chemistry",
  volume    =  78,
  number    =  932,
  pages     = "630--636",
  month     =  jan,
  year      =  1953,
  language  = "en"
}

@ARTICLE{Yeung2019-dj,
  title    = "Systematic evaluation and optimization of the experimental steps
              in {RNA} G-quadruplex structure sequencing",
  author   = "Yeung, Pui Yan and Zhao, Jieyu and Chow, Eugene Yui-Ching and
              Mou, Xi and Hong, Huiqi and Chen, Leilei and Chan, Ting-Fung and
              Kwok, Chun Kit",
  journal  = "Sci. Rep.",
  volume   =  9,
  number   =  1,
  pages    = "8091",
  month    =  may,
  year     =  2019,
  language = "en"
}

@ARTICLE{Honda2016-hc,
  title    = "Selective amplification and sequencing of cyclic
              phosphate-containing {RNAs} by the {cP-RNA-seq} method",
  author   = "Honda, Shozo and Morichika, Keisuke and Kirino, Yohei",
  journal  = "Nat. Protoc.",
  volume   =  11,
  number   =  3,
  pages    = "476--489",
  month    =  mar,
  year     =  2016,
  language = "en"
}

@ARTICLE{Kurata2003-mk,
  title    = "Quick two-step {RNA} ligation employing periodate oxidation",
  author   = "Kurata, Shinya and Ohtsuki, Takashi and Suzuki, Tsutomu and
              Watanabe, Kimitsuna",
  journal  = "Nucleic Acids Res.",
  volume   =  31,
  number   =  22,
  pages    = "e145",
  month    =  nov,
  year     =  2003,
  language = "en"
}

@ARTICLE{Fraenkel-Conrat_undated-ae,
  title  = "[ 118] Stepwise Degradation of {RNA}: Periodate Followed by Aniline
            Cleavage",
  author = "Fraenkel-Conrat, H and Steinschneider, A"
}

@ARTICLE{Weidman_undated-lr,
  title  = "The Mechanism of the Periodate Oxidation of Aromatic Systems. 111.
            A Kinetic Study of the Periodate Oxidation of Catechol",
  author = "Weidman', S W and Kaiser, E T"
}

@ARTICLE{De_Wit2010-zn,
  title     = "The effect of pH and temperature on the periodate oxidation of
               sucrose",
  author    = "de Wit, D and van Rantwijk, F and Maat, L and Kieboom, A P G",
  journal   = "Recl. Trav. Chim. Pays Bas",
  publisher = "Wiley",
  volume    =  109,
  number    =  10,
  pages     = "518--522",
  month     =  sep,
  year      =  2010,
  language  = "en"
}

@ARTICLE{Cramer_undated-cz,
  title  = "Darstellung von Desoxy-oligonucleotiden mit
            2'.3'-[2.4-Dimethoxy-benzyliden]-uridin als {Phosphat-Schutz-}
            gruppe",
  author = "Cramer, von Faizulla Kathawala Und"
}

@ARTICLE{Alefelder1998-ln,
  title    = "Incorporation of terminal phosphorothioates into oligonucleotides",
  author   = "Alefelder, S and Patel, B K and Eckstein, F",
  journal  = "Nucleic Acids Res.",
  volume   =  26,
  number   =  21,
  pages    = "4983--4988",
  month    =  nov,
  year     =  1998,
  language = "en"
}

@ARTICLE{Hoffmann2018-uz,
  title    = "Accurate mapping of {tRNA} reads",
  author   = "Hoffmann, Anne and Fallmann, J{\"o}rg and Vilardo, Elisa and
              M{\"o}rl, Mario and Stadler, Peter F and Amman, Fabian",
  journal  = "Bioinformatics",
  volume   =  34,
  number   =  7,
  pages    = "1116--1124",
  month    =  apr,
  year     =  2018,
  language = "en"
}

@ARTICLE{Stepanov2002-qr,
  title    = "Thermal stability of {aminoacyl-tRNAs} in aqueous solutions",
  author   = "Stepanov, Victor G and Nyborg, Jens",
  journal  = "Extremophiles",
  volume   =  6,
  number   =  6,
  pages    = "485--490",
  month    =  dec,
  year     =  2002,
  language = "en"
}

@ARTICLE{Lodemann1970-sw,
  title    = "Influence of pH on the stability of some aminoacyl transfer
              ribonucleic acids and their elution pattern in chromatography on
              columns of methylated albumin adsorbed on kieselguhr",
  author   = "Lodemann, E and Niedenthal, I and Wacker, A",
  journal  = "Z. Naturforsch. B",
  volume   =  25,
  number   =  8,
  pages    = "845--848",
  month    =  aug,
  year     =  1970,
  language = "en"
}

@ARTICLE{Hentzen1972-yd,
  title    = "Relation between {aminoacyl-tRNA} stability and the fixed amino
              acid",
  author   = "Hentzen, D and Mandel, P and Garel, J P",
  journal  = "Biochim. Biophys. Acta",
  volume   =  281,
  number   =  2,
  pages    = "228--232",
  month    =  oct,
  year     =  1972,
  language = "en"
}

@ARTICLE{Peacock2014-wk,
  title    = "Amino acid-dependent stability of the acyl linkage in
              {aminoacyl-tRNA}",
  author   = "Peacock, Jacob R and Walvoord, Ryan R and Chang, Angela Y and
              Kozlowski, Marisa C and Gamper, Howard and Hou, Ya-Ming",
  journal  = "RNA",
  volume   =  20,
  number   =  6,
  pages    = "758--764",
  month    =  jun,
  year     =  2014,
  language = "en"
}

@ARTICLE{Wang2021-ah,
  title    = "A high-throughput screening method for evolving a demethylase
              enzyme with improved and new functionalities",
  author   = "Wang, Yuru and Katanski, Christopher D and Watkins, Christopher
              and Pan, Jessica N and Dai, Qing and Jiang, Zhuoxun and Pan, Tao",
  journal  = "Nucleic Acids Res.",
  volume   =  49,
  number   =  5,
  pages    = "e30",
  month    =  mar,
  year     =  2021,
  language = "en"
}

@ARTICLE{Dittmar2005-va,
  title    = "Selective charging of {tRNA} isoacceptors induced by amino-acid
              starvation",
  author   = "Dittmar, Kimberly A and S{\o}rensen, Michael A and Elf, Johan and
              Ehrenberg, M{\aa}ns and Pan, Tao",
  journal  = "EMBO Rep.",
  volume   =  6,
  number   =  2,
  pages    = "151--157",
  month    =  feb,
  year     =  2005,
  language = "en"
}

@ARTICLE{Xu2019-od,
  title    = "Improved {TGIRT-seq} methods for comprehensive transcriptome
              profiling with decreased adapter dimer formation and bias
              correction",
  author   = "Xu, Hengyi and Yao, Jun and Wu, Douglas C and Lambowitz, Alan M",
  journal  = "Sci. Rep.",
  volume   =  9,
  number   =  1,
  pages    = "7953",
  month    =  may,
  year     =  2019,
  language = "en"
}

@ARTICLE{Behrens2021-gb,
  title    = "High-resolution quantitative profiling of {tRNA} abundance and
              modification status in eukaryotes by {mim-tRNAseq}",
  author   = "Behrens, Andrew and Rodschinka, Geraldine and Nedialkova, Danny D",
  journal  = "Mol. Cell",
  month    =  feb,
  year     =  2021,
  language = "en"
}

@ARTICLE{Pavlova2020-aj,
  title    = "Translation in amino-acid-poor environments is limited by
              {tRNAGln} charging",
  author   = "Pavlova, Natalya N and King, Bryan and Josselsohn, Rachel H and
              Violante, Sara and Macera, Victoria L and Vardhana, Santosha A
              and Cross, Justin R and Thompson, Craig B",
  journal  = "Elife",
  volume   =  9,
  month    =  dec,
  year     =  2020,
  language = "en"
}

@ARTICLE{Zheng2015-kj,
  title    = "Efficient and quantitative high-throughput {tRNA} sequencing",
  author   = "Zheng, Guanqun and Qin, Yidan and Clark, Wesley C and Dai, Qing
              and Yi, Chengqi and He, Chuan and Lambowitz, Alan M and Pan, Tao",
  journal  = "Nat. Methods",
  volume   =  12,
  number   =  9,
  pages    = "835--837",
  month    =  sep,
  year     =  2015,
  language = "en"
}

@ARTICLE{Darnell2018-lp,
  title    = "Translational Control through Differential Ribosome Pausing
              during Amino Acid Limitation in Mammalian Cells",
  author   = "Darnell, Alicia M and Subramaniam, Arvind R and O'Shea, Erin K",
  journal  = "Mol. Cell",
  volume   =  71,
  number   =  2,
  pages    = "229--243.e11",
  month    =  jul,
  year     =  2018,
  language = "en"
}

@ARTICLE{Evans2017-st,
  title    = "Determination of {tRNA} aminoacylation levels by high-throughput
              sequencing",
  author   = "Evans, Molly E and Clark, Wesley C and Zheng, Guanqun and Pan,
              Tao",
  journal  = "Nucleic Acids Res.",
  volume   =  45,
  number   =  14,
  pages    = "e133",
  month    =  aug,
  year     =  2017,
  language = "en"
}






















 
Bibtex (bib) file for the thesis style document.
 
@string{Knuth="Donald E. Knuth"}
 
@book{book,
   author = knuth,
   title = "The {\TeX} book",
   publisher = "Addison-Wesley",
   year = 1984}
 
@book{Tbook,
   author = knuth,
   title = "{\TeX}: The Program",
   publisher = "Addison-Wesley",
   year = 1986}
 
@book{Metafont,
   author = knuth,
   title = "The Metafont book",
   publisher = "Addison-Wesley",
   year = 1986}
 
@book{CMT,
   author = knuth,
   title = "Computer Modern Typefaces",
   publisher = "Addison-Wesley",
   year = 1986}
 
@book{Lbook,
   author = "Leslie Lamport",
   title = "{\LaTeX}: A Document Preparation System",
   edition = "2nd",
   publisher = "Addison-Wesley",
   year = 1994}
 
@book{companion,
   author = "M{ichel} Goossens and F{rank} Mittelbach and A{lexander} Samarin",
   title = "The {\LaTeX} Companion",
   publisher = "Addison-Wesley",
   year = 1994}
 
@article{TUG:h-l,
  author = "Editor",
  title = "Hyphenation Exception Log",
  journal = "TUGboat",
  volume = 7,
  number = 3,
  year = 1986,
  pages = "145"}
 
 
@book{Hamlet,
   author = "William Shakespeare",
   title = "Hamlet",
   publisher = "F.S.~Crofts~\&~Co., Inc.",
   address = "NY",
   year = 1946,
   note = "Act~I, Scene~3, Lines~70-72, are apropos."}
 
Following author fields is not standard
@book{JTeX,
   author = "{Spivak, M.D., Ph.D.}",
   title = "The Joy of {\TeX}",
   publisher = "American Mathematical Society",
   address = "RI",
   year = 1986}
 
@book{PCTeX,
   author = "{Spivak, M.D., Ph.D.}",
   title = "PC{\TeX}\ Manual",
   publisher = "Personal {\TeX}, Inc.",
   address = "CA",
   year = 1985}
 
@booklet{SP,
  title = "Format Guidelines for Theses and Dissertations",
  author = "University of Washington, Graduate School",
  year = 2012}
 
 
 
